<collection xmlns='http://www.loc.gov/MARC21/slim' xmlns:xsi='http://www.w3.org/2001/XMLSchema-instance' xsi:schemaLocation='http://www.loc.gov/standards/marcxml/schema/MARC21slim.xsd'>
  <record xmlns="http://www.loc.gov/MARC21/slim">
    <leader>00000ctm a2200000Ia 4500</leader>
    <controlfield tag="001">on1134993338</controlfield>
    <controlfield tag="008">200106s1797    tu            000 0 ara d</controlfield>
    <datafield tag="040" ind1=" " ind2=" ">
      <subfield code="a">ZCU</subfield>
      <subfield code="b">eng</subfield>
      <subfield code="e">amremm</subfield>
      <subfield code="c">ZCU</subfield>
      <subfield code="d">ZCU</subfield>
    </datafield>
    <datafield tag="035" ind1=" " ind2=" ">
      <subfield code="a">(NNC)14441781</subfield>
    </datafield>
    <datafield tag="041" ind1="0" ind2=" ">
      <subfield code="a">ara</subfield>
      <subfield code="a">ota</subfield>
    </datafield>
    <datafield tag="049" ind1=" " ind2=" ">
      <subfield code="a">ZCUA</subfield>
    </datafield>
    <datafield tag="245" ind1="0" ind2="0">
      <subfield code="a">[Collection of Sufi writings and prayers]</subfield>
    </datafield>
    <datafield tag="264" ind1=" " ind2="0">
      <subfield code="a">[Turkey?],</subfield>
      <subfield code="c">[1797]</subfield>
    </datafield>
    <datafield tag="300" ind1=" " ind2=" ">
      <subfield code="a">175 leaves :</subfield>
      <subfield code="b">paper ;</subfield>
      <subfield code="c">161 x 116 (110 x 69) mm, bound to 160 x 116 mm</subfield>
    </datafield>
    <datafield tag="336" ind1=" " ind2=" ">
      <subfield code="a">text</subfield>
      <subfield code="b">txt</subfield>
      <subfield code="2">rdacontent</subfield>
    </datafield>
    <datafield tag="337" ind1=" " ind2=" ">
      <subfield code="a">unmediated</subfield>
      <subfield code="b">n</subfield>
      <subfield code="2">rdamedia</subfield>
    </datafield>
    <datafield tag="338" ind1=" " ind2=" ">
      <subfield code="a">volume</subfield>
      <subfield code="b">nc</subfield>
      <subfield code="2">rdacarrier</subfield>
    </datafield>
    <datafield tag="340" ind1=" " ind2=" ">
      <subfield code="d">manuscript</subfield>
    </datafield>
    <datafield tag="500" ind1=" " ind2=" ">
      <subfield code="a">Manuscript codex.</subfield>
    </datafield>
    <datafield tag="520" ind1=" " ind2=" ">
      <subfield code="a">Collection of texts in Arabic and Ottoman Turkish. After the first work, a large portion of the manuscript is prayers attributed to Abū al-Ḥasan ʻAlī al-Shādhilī with other, additional prayers and religious poetry. Main texts are copied in at least two hands with notes in additional hands.</subfield>
    </datafield>
    <datafield tag="530" ind1=" " ind2=" ">
      <subfield code="a">Also available as a digital facsimile.</subfield>
    </datafield>
    <datafield tag="546" ind1=" " ind2=" ">
      <subfield code="a">Arabic and Ottoman Turkish.</subfield>
    </datafield>
    <datafield tag="505" ind1="0" ind2=" ">
      <subfield code="a">1. f. 1v-53v: Manāzil quṭb al-ʻārifīn wa manāzil aṣḥāb al-sālikīn -- 2. f. 55v-112r: [Prayers] / Abū al-Ḥasan ʻAlī al-Shādhilī -- 3. f. 112v-120v: Risālah -- 4. f. 123v-135r: [Prayer] -- 5. f. 135v-: Wird / Sayyid Yaḥyá -- 6. f. 140r-141v: Wird Mūllá al-Kūrānī -- 7. f. 142r-: Duʻāʹnāmah / Abū al-Saʻūd Afandī -- 8. f. 143v-161v: [Prayers] / Muḥammad ibn Muḥammad al-ʻArabī al-Khātimī al-Ṭāʼī al-Andalusī -- 9. f. 162v-165r: Duʻāʼ sharīf / Ṣadr al-Dīn Qūnawī -- 10. f. 166v-167r: Khawāṣṣ Ayat al-Kursī -- 11. f. 167v-169r: Munājāt / Muḥyī al-Dīn al-ʻArabī -- 12. Ḥizb /  Muḥyī al-Dīn al-ʻArabī -- 13. f. 171v-173v: Duʻāʼ al-Fātiḥah maʻ al-basmalah / al-Shaykh Muḥyī al-Dīn -- 14. f. 173v-174v: Ṣalāt ʻAbd al-Qādir al-Jīlānī -- 15. f. 175r-177v: Tables and notes</subfield>
    </datafield>
    <datafield tag="500" ind1=" " ind2=" ">
      <subfield code="a">Layout: 11 long lines.</subfield>
    </datafield>
    <datafield tag="500" ind1=" " ind2=" ">
      <subfield code="a">Script: Written in naskh in black ink; pointed and partially vocalized.</subfield>
    </datafield>
    <datafield tag="500" ind1=" " ind2=" ">
      <subfield code="a">Decoration: Illuminated headpiece in gold, pink, yellow with blue and red foliate finials (f. 1v); textblock is border-ruled in two styles: gold, black, red (f. 1v-143r, 162v-164v), single red (f. 143v-161v); gold roundels with orange and blue dots punctuate the text; other simple headpieces in gold lined with black (f. 55v, 76v, 77v, 82v, 112v, 123v, 135v); diagram in black and red (f. 30v), table in black (f. 121v); rubrications in red, some headers set into gold bands (for example, f. 30r).</subfield>
    </datafield>
    <datafield tag="500" ind1=" " ind2=" ">
      <subfield code="a">Origin: A transmission note is dated 1212 AH (1797 CE) (f. 71r).</subfield>
    </datafield>
    <datafield tag="500" ind1=" " ind2=" ">
      <subfield code="a">Stamp with the name ʻUthmān (stamps, f. 147v).</subfield>
    </datafield>
    <datafield tag="500" ind1=" " ind2=" ">
      <subfield code="a">Shelfmark: MS Or 477.</subfield>
    </datafield>
    <datafield tag="500" ind1=" " ind2=" ">
      <subfield code="a">Note signed Muḥammad Amīn Yūsuf of a Shādhilī Dergāh and dated Ramaḍān 1292 (1875 CE) laid in.</subfield>
    </datafield>
    <datafield tag="541" ind1="1" ind2=" ">
      <subfield code="a">Gift of Valerie Delacorte in Memory of George T. Delacorte, 2007.</subfield>
    </datafield>
    <datafield tag="563" ind1=" " ind2=" ">
      <subfield code="a">Bound in red leather over pasteboard with flap; large, central medallion with painted foliate fill and a frame; gilded, inset medallion on flap with frame; bright blue paper pastedowns and endleaves; spine is reinforced with brown leather.</subfield>
    </datafield>
    <datafield tag="588" ind1="0" ind2=" ">
      <subfield code="a">Item cataloged from digital facsimile and existing description.</subfield>
    </datafield>
    <datafield tag="650" ind1=" " ind2="0">
      <subfield code="a">Manuscripts, Arabic.</subfield>
    </datafield>
    <datafield tag="650" ind1=" " ind2="0">
      <subfield code="a">Manuscripts, Turkish.</subfield>
    </datafield>
    <datafield tag="650" ind1=" " ind2="0">
      <subfield code="a">Sufism</subfield>
      <subfield code="v">Early works to 1800.</subfield>
    </datafield>
    <datafield tag="650" ind1=" " ind2="0">
      <subfield code="a">Islam</subfield>
      <subfield code="v">Prayers and devotions</subfield>
      <subfield code="v">Early works to 1800.</subfield>
    </datafield>
    <datafield tag="655" ind1=" " ind2="7">
      <subfield code="a">Codices (bound manuscripts)</subfield>
      <subfield code="2">aat</subfield>
    </datafield>
    <datafield tag="655" ind1=" " ind2="7">
      <subfield code="a">Manuscripts (documents)</subfield>
      <subfield code="2">aat</subfield>
    </datafield>
    <datafield tag="655" ind1=" " ind2="7">
      <subfield code="a">Envelope flaps (features)</subfield>
      <subfield code="2">lobt</subfield>
    </datafield>
    <datafield tag="655" ind1=" " ind2="7">
      <subfield code="a">Painted (decoration)</subfield>
      <subfield code="2">lobt</subfield>
    </datafield>
    <datafield tag="655" ind1=" " ind2="7">
      <subfield code="a">Full covers.</subfield>
      <subfield code="2">lobt</subfield>
    </datafield>
    <datafield tag="655" ind1=" " ind2="7">
      <subfield code="a">Islamic bindings (Binding)</subfield>
      <subfield code="2">rbbin</subfield>
    </datafield>
    <datafield tag="700" ind1="1" ind2="2">
      <subfield code="6">880-01</subfield>
      <subfield code="a">Jafāʼī, Ḥusayn ibn Ḥasan Khalwatī,</subfield>
      <subfield code="d">active 1481.</subfield>
      <subfield code="t">Manāzil quṭb al-ʻārifīn wa mafāḍil aṣḥāb al-sālikīn</subfield>
    </datafield>
    <datafield tag="700" ind1="1" ind2="2">
      <subfield code="6">880-02</subfield>
      <subfield code="a">Shādhilī, Abū al-Ḥasan ʻAlī ibn ʻAbd Allāh,</subfield>
      <subfield code="d">approximately 1196-1258.</subfield>
      <subfield code="t">Works.</subfield>
      <subfield code="k">Selections.</subfield>
    </datafield>
    <datafield tag="700" ind1="1" ind2="2">
      <subfield code="6">880-03</subfield>
      <subfield code="a">Kūrānī, Aḥmad ibn Ismāʻīl,</subfield>
      <subfield code="d">1410 or 1411-1487 or 1488.</subfield>
      <subfield code="t">Wird.</subfield>
    </datafield>
    <datafield tag="700" ind1="0" ind2="2">
      <subfield code="6">880-04</subfield>
      <subfield code="a">Abū al-Saʻūd Muḥammad ibn Muḥammad,</subfield>
      <subfield code="d">1492 or 1493-1574 or 1575.</subfield>
      <subfield code="t">Duʻāʹnāmah.</subfield>
    </datafield>
    <datafield tag="700" ind1="1" ind2="2">
      <subfield code="6">880-05</subfield>
      <subfield code="a">Ṣadr al-Dīn al-Qūnawī, Muḥammad ibn Isḥāq,</subfield>
      <subfield code="d">-1273 or 1274.</subfield>
      <subfield code="t">Works.</subfield>
      <subfield code="k">Selections.</subfield>
    </datafield>
    <datafield tag="700" ind1="0" ind2="2">
      <subfield code="6">880-06</subfield>
      <subfield code="a">Ibn al-ʻArabī,</subfield>
      <subfield code="d">1165-1240.</subfield>
      <subfield code="t">Works.</subfield>
      <subfield code="k">Selections.</subfield>
    </datafield>
    <datafield tag="700" ind1="0" ind2="2">
      <subfield code="6">880-07</subfield>
      <subfield code="a">ʻAbd al-Qādir al-Jīlānī,</subfield>
      <subfield code="d">-1166.</subfield>
      <subfield code="t">Ṣalāh.</subfield>
    </datafield>
    <datafield tag="700" ind1="0" ind2=" ">
      <subfield code="6">880-08</subfield>
      <subfield code="a">Muḥammad Amīn Yūsuf,</subfield>
      <subfield code="d">active 1875,</subfield>
      <subfield code="e">associated name.</subfield>
    </datafield>
    <datafield tag="700" ind1="1" ind2=" ">
      <subfield code="a">Delacorte, Valerie,</subfield>
      <subfield code="d">1914-2011,</subfield>
      <subfield code="e">donor.</subfield>
    </datafield>
    <datafield tag="700" ind1="1" ind2=" ">
      <subfield code="a">Delacorte, George T.</subfield>
      <subfield code="q">(George Thomas),</subfield>
      <subfield code="d">1893-1991,</subfield>
      <subfield code="e">former owner.</subfield>
    </datafield>
    <datafield tag="710" ind1="2" ind2=" ">
      <subfield code="a">Muslim World Manuscripts (Columbia University. Rare Book and Manuscript Library)</subfield>
      <subfield code="5">NNC</subfield>
    </datafield>
    <datafield tag="740" ind1="0" ind2="2">
      <subfield code="6">880-09</subfield>
      <subfield code="a">Khawāṣṣ Ayat al-Kursī.</subfield>
    </datafield>
    <datafield tag="856" ind1="4" ind2="1">
      <subfield code="z">Digital facsimile in OPenn</subfield>
      <subfield code="u">http://openn.library.upenn.edu/Data/0032/html/ms_or_477.html</subfield>
    </datafield>
    <datafield tag="852" ind1=" " ind2=" ">
      <subfield code="a">Columbia University.</subfield>
      <subfield code="b">Rare Book and Manuscript Library</subfield>
      <subfield code="e">New York, NY. 10027</subfield>
      <subfield code="n">nyu</subfield>
      <subfield code="u">https://clio.columbia.edu/catalog/14441781</subfield>
    </datafield>
    <datafield tag="880" ind1="1" ind2="2">
      <subfield code="6">700-01/(3/r</subfield>
      <subfield code="a">جفائى، حسين بن حسن خلوتى،</subfield>
      <subfield code="d">active 1481.</subfield>
      <subfield code="t">منازل قطب العارفين ومفاضل اصحاب السالكين</subfield>
    </datafield>
    <datafield tag="880" ind1="1" ind2="2">
      <subfield code="6">700-02/(3/r</subfield>
      <subfield code="a">شاذلي، ابو الحسن علي بن عبد الله،</subfield>
      <subfield code="d">approximately 1196-1258.</subfield>
      <subfield code="t">Works</subfield>
      <subfield code="k">Selections.</subfield>
    </datafield>
    <datafield tag="880" ind1="1" ind2="2">
      <subfield code="6">700-03/(3/r</subfield>
      <subfield code="a">كوراني، احمد بن اسماعيل،</subfield>
      <subfield code="d">1410 او 1411-1487 او 1488</subfield>
      <subfield code="t">ورد.</subfield>
    </datafield>
    <datafield tag="880" ind1="0" ind2="2">
      <subfield code="6">700-04/(3/r</subfield>
      <subfield code="a">ابو السعود محمد بن محمد،</subfield>
      <subfield code="d">1492 او 1493-1574 او 1575.</subfield>
      <subfield code="t">دعانامه.</subfield>
    </datafield>
    <datafield tag="880" ind1="1" ind2="2">
      <subfield code="6">700-05/(3/r</subfield>
      <subfield code="a">صدر الدين القونوي، محمد بن اسحاق،</subfield>
      <subfield code="d">-1273 or 1274.</subfield>
      <subfield code="t">Works.</subfield>
      <subfield code="k">Selections.</subfield>
    </datafield>
    <datafield tag="880" ind1="0" ind2="2">
      <subfield code="6">700-06/(3/r</subfield>
      <subfield code="a">ابن العربي،</subfield>
      <subfield code="d">1165-1240.</subfield>
      <subfield code="t">Works</subfield>
      <subfield code="k">Selections..</subfield>
    </datafield>
    <datafield tag="880" ind1="0" ind2="2">
      <subfield code="6">700-07/(3/r</subfield>
      <subfield code="a">عبد القادر الجيلاني،</subfield>
      <subfield code="d">-1166.</subfield>
      <subfield code="t">صلوة</subfield>
    </datafield>
    <datafield tag="880" ind1="0" ind2=" ">
      <subfield code="6">700-08/(3/r</subfield>
      <subfield code="a">محمد امين يوسف،</subfield>
      <subfield code="d">active 1875،</subfield>
      <subfield code="e">associated name.</subfield>
    </datafield>
    <datafield tag="880" ind1="0" ind2="2">
      <subfield code="6">740-09/(3/r</subfield>
      <subfield code="a">خواص آية الكرسي.</subfield>
    </datafield>
    <datafield tag="066" ind1=" " ind2=" ">
      <subfield code="c">(3</subfield>
    </datafield>
  </record></collection>